<record><leader>00000cas a22000007a 4500</leader><controlfield tag="001">22465240</controlfield><controlfield tag="008">901003c19909999txuwr ne      0   a0eng c</controlfield><datafield ind1=" " ind2=" " tag="010"><subfield code="a">sn 90003870 </subfield></datafield><datafield ind1=" " ind2=" " tag="040"><subfield code="a">NSD</subfield><subfield code="b">eng</subfield><subfield code="c">NSD</subfield><subfield code="d">OCLCQ</subfield></datafield><datafield ind1=" " ind2=" " tag="012"><subfield code="m">1</subfield></datafield><datafield ind1="1" ind2=" " tag="022"><subfield code="a">1053-1513</subfield><subfield code="l">1053-1513</subfield><subfield code="2">1</subfield></datafield><datafield ind1=" " ind2=" " tag="032"><subfield code="a">005608</subfield><subfield code="b">USPS</subfield></datafield><datafield ind1=" " ind2=" " tag="037"><subfield code="b">The White Oak Independent, 305 S., White Oak Rd., White Oak, TX 75693-1521</subfield></datafield><datafield ind1=" " ind2=" " tag="042"><subfield code="a">nsdp</subfield><subfield code="a">pcc</subfield></datafield><datafield ind1=" " ind2="4" tag="222"><subfield code="a">The White Oak independent</subfield></datafield><datafield ind1="0" ind2="4" tag="245"><subfield code="a">The White Oak independent.</subfield></datafield><datafield ind1=" " ind2=" " tag="260"><subfield code="a">White Oak, TX :</subfield><subfield code="b">White Oak Independent</subfield></datafield><datafield ind1=" " ind2=" " tag="300"><subfield code="a">v.</subfield></datafield><datafield ind1="1" ind2=" " tag="362"><subfield code="a">Began in 1990.</subfield></datafield><datafield ind1=" " ind2=" " tag="588"><subfield code="a">Description based on: Vol. 1, no. 17 (June 7-13, 1990).</subfield></datafield></record>